@book{TZbook,
	title = "ГОСТ 19.201-78 Техническое задание. Требования к содержанию и оформлению. // Единая система программной документации",
	year = 2001,
	publisher = "М.: ИПК Издательство стандартов",
	maintitle = "Единая система программной документации"
}
@book{Diaz,
	title = "Petri Nets.
	Fundamental Models, Verification and Applications",
	author = "Michel Diaz",
	year = 2009,
	publisher = {ISTE Ltd, John Wiley \& Sons, Inc},
}

@book{TESTbook,
	title = "ГОСТ 19.301-79 Программа и методика испытаний. Требования к содержанию и оформлению. //Единая система программной документации",
	year = 2001,
	publisher = "М.: ИПК Издательство стандартов",
	maintitle = "Единая система программной документации"
}

@book{SourceCodeBook,
	title = "ГОСТ 19.401-78. ЕСПД. Текст программы. Требования к содержанию и оформлению",
	year = 2001,
	publisher = "М.: ИПК Издательство стандартов",
	maintitle = "Единая система программной документации"
}

@book{PZbook,
	title = "ГОСТ 19.404-79. ЕСПД. Пояснительная записка. Требования к содержанию и оформлению",
	year = 2001,
	publisher = "М.: ИПК Издательство стандартов",
	maintitle = "Единая система программной документации"
}

@book{Operatorbook,
	title = "ГОСТ 19.505-79. ЕСПД. Руководство оператора. Требования к содержанию и оформлению",
	year = 2001,
	publisher = "М.: ИПК Издательство стандартов",
	maintitle = "Единая система программной документации"
}

@book{MGraphs,
	author = {Peter Kuchment, Gregory Berkolaiko},
	title = {Introduction to Quantum Graphs},
	data = {2013},
	volume = {Vol. 186},
	publisher = {American Mathematical Soc.}
}


@online{PNML,
	title = {Petri Net Markup Language},
	url = {\url{http://www.pnml.org}},
	note = {Дата посещения: 22.11.2018},
}

@online{javareq,
	title = {Каковы системные требования для Java?},
	url = {\url{https://www.java.com/ru/download/help/sysreq.xml}},
	note = {Дата посещения: 1.12.2019},
}

@online{DOM,
	title = {Document Object Model},
	url = {\url{https://ru.wikipedia.org/wiki/Document_Object_Model}},
	note = {Дата посещения: 22.11.2018}
}

@online{PNMLFramework,
	title = {PNML Framework},
	url = {\url{http://pnml.lip6.fr/documentation.html}},
	note = {Дата посещения: 11.03.2019}
}

@online{DFS,
	title = {Depth-first search},
	url = {\url{https://en.wikipedia.org/wiki/Depth-first_search}},
	note = {Дата посещения 12.02.2019}
}

@online{BFS,
	title = {Breadth-first search},
	url = {\url{https://en.wikipedia.org/wiki/Breadth-first_search}},
	note = {Дата посещения 12.02.2019}
}

@online{SAX,
	title = {SAX},
	url = {\url{https://ru.wikipedia.org/wiki/SAX}},
	note = {Дата посещения 23.04.2019}
}

@online{XMl,
	title = {XML},
	url = {\url{https://ru.wikipedia.org/wiki/XML}},
	note = {Дата посещения 1.12.2019}
}

@online{JSON,
	title = {JSON},
	url = {\url{https://ru.wikipedia.org/wiki/JSON}},
	note = {Дата посещения 1.12.2019}
}

@online{PetriNet,
	title = {Petri Net},
	url = {\url{https://en.wikipedia.org/wiki/Petri_net}},
	note = {Дата посещения 1.12.2019}
}

@online{Java8,
	url = {\url{https://docs.oracle.com/javase/8/docs/api/overview-summary.html}},
	title = {Java™ Platform, Standard Edition 8
	API Specification},
	note = {Дата посещения 1.12.2019}
}

@online{Java,
	url = {\url{https://www.oracle.com/technetwork/java/javase/overview/index.html}},
	title = {Java SE},
	note = {Дата посещения 1.12.2019}
}