@book{TZbook,
	title = "ГОСТ 19.201-78 Техническое задание. Требования к содержанию и оформлению. // Единая система программной документации",
	year = 2001,
	publisher = "М.: ИПК Издательство стандартов",
	maintitle = "Единая система программной документации"
}
@book{Diaz,
	title = "Petri Nets.
	Fundamental Models, Verification and Applications",
	author = "Michel Diaz",
	year = 2009,
	publisher = {ISTE Ltd, John Wiley \& Sons, Inc},
}

@book{TESTbook,
	title = "ГОСТ 19.301-79 Программа и методика испытаний. Требования к содержанию и оформлению. //Единая система программной документации",
	year = 2001,
	publisher = "М.: ИПК Издательство стандартов",
	maintitle = "Единая система программной документации"
}

@book{SourceCodeBook,
	title = "ГОСТ 19.401-78. ЕСПД. Текст программы. Требования к содержанию и оформлению",
	year = 2001,
	publisher = "М.: ИПК Издательство стандартов",
	maintitle = "Единая система программной документации"
}

@book{PZbook,
	title = "ГОСТ 19.404-79. ЕСПД. Пояснительная записка. Требования к содержанию и оформлению",
	year = 2001,
	publisher = "М.: ИПК Издательство стандартов",
	maintitle = "Единая система программной документации"
}

@book{Operatorbook,
	title = "ГОСТ 19.505-79. ЕСПД. Руководство оператора. Требования к содержанию и оформлению",
	year = 2001,
	publisher = "М.: ИПК Издательство стандартов",
	maintitle = "Единая система программной документации"
}

@book{MGraphs,
	author = {Peter Kuchment, Gregory Berkolaiko},
	title = {Introduction to Quantum Graphs},
	data = {2013},
	volume = {Vol. 186},
	publisher = {American Mathematical Soc.}
}


@online{PNML,
	title = {Petri Net Markup Language},
	url = {\url{http://www.pnml.org}},
	note = {Дата посещения: 22.11.2018},
}

@online{javareq,
	title = {Каковы системные требования для Java?},
	url = {\url{https://www.java.com/ru/download/help/sysreq.xml}},
	note = {Дата посещения: 1.04.2020},
}

@online{DOM,
	title = {Document Object Model},
	url = {\url{https://ru.wikipedia.org/wiki/Document_Object_Model}},
	note = {Дата посещения: 22.11.2018}
}

@online{PNMLFramework,
	title = {PNML Framework},
	url = {\url{http://pnml.lip6.fr/documentation.html}},
	note = {Дата посещения: 11.03.2019}
}

@online{DFS,
	title = {Depth-first search},
	url = {\url{https://en.wikipedia.org/wiki/Depth-first_search}},
	note = {Дата посещения 12.02.2019}
}

@online{BFS,
	title = {Breadth-first search},
	url = {\url{https://en.wikipedia.org/wiki/Breadth-first_search}},
	note = {Дата посещения 12.02.2019}
}

@online{SAX,
	title = {SAX},
	url = {\url{https://ru.wikipedia.org/wiki/SAX}},
	note = {Дата посещения 1.04.2020}
}

@online{XMl,
	title = {XML},
	url = {\url{https://ru.wikipedia.org/wiki/XML}},
	note = {Дата посещения 1.04.2020}
}

@online{JSON,
	title = {JSON},
	url = {\url{https://ru.wikipedia.org/wiki/JSON}},
	note = {Дата посещения 1.04.2020}
}

@online{PetriNet,
	title = {Petri Net},
	url = {\url{https://en.wikipedia.org/wiki/Petri_net}},
	note = {Дата посещения 1.04.2020}
}

@online{Java11,
	url = {\url{https://docs.oracle.com/javase/11/docs/api/overview-summary.html}},
	title = {Java™ Platform, Standard Edition 11
	API Specification},
	note = {Дата посещения 1.04.2020}
}

@online{Java,
	url = {\url{https://www.oracle.com/technetwork/java/javase/overview/index.html}},
	title = {Java SE},
	note = {Дата посещения 1.04.2020}
}

@article{CorMgTapn,
	author = {Leonid Dworzanski, Vsevolod Chernyshev},
	title = {On Correspondence Between Metric Graphs and
	Timed-Arcs Petri Nets}
}

@online{uppaal,
	url = {\url{http://www.uppaal.org/}},
	title = {UPPAAL. Home},
	note = {Дата посещения 1.04.2020}
}

@online{tapaal,
	url = {\url{http://www.tapaal.net/introduction/}},
	title = {TAPAAL. Introduction},
	note = {Дата посещения 1.04.2020}
}

@online{frlay,
	url = {\url{https://jgrapht.org/javadoc/org/jgrapht/alg/drawing/IndexedFRLayoutAlgorithm2D.html}},
	title = {Class IndexedFRLayoutAlgorithm2D},
	note = {Дата посещения 1.04.2020}
}

@online{yedgraphml,
	url = {\url{http://docs.yworks.com/yfiles/doc/developers-guide/graphml.html}},
	title = {yEd GraphML},
	note = {Дата посещения 1.04.2020}
}

@online{builder,
	url = {\url{https://en.wikipedia.org/wiki/Builder_pattern}},
	title = {Builder pattern},
	note = {Дата посещения 1.04.2020}
}

@online{jgrapht,
	url = {\url{https://jgrapht.org/}},
	title = {a Java library of graph theory data structures and algorithms},
	note = {Дата посещения 1.04.2020}
}

@online{chain_resp,
	url = {\url{https://en.wikipedia.org/wiki/Chain-of-responsibility_pattern}},
	title = {Chain-of-responsibility pattern},
	note = {Дата посещения 1.04.2020}
}

@online{javafunction,
	url = {\url{https://docs.oracle.com/javase/8/docs/api/java/util/function/Function.html}},
	title = {Interface Function<T,R>},
	note = {Дата посещения 1.04.2020}
}

@online{extension,
	url = {\url{https://openu.ru/Books/UML/Extension_point.asp}},
	title = {extension point (точка расширения)},
	note = {Дата посещения 1.04.2020}
}

@online{graphml,
	url = {\url{http://graphml.graphdrawing.org/}},
	title = {The GraphML File Format},
	note = {Дата посещения 1.04.2020}
}

@online{yededitor,
	url = {\url{https://www.yworks.com/products/yed}},
	title = {yEd Graph Editor},
	note = {Дата посещения 1.04.2020}
}

@online{jsonschema,
	url = {\url{https://json-schema.org/}},
	title = {JSON Schema},
	note = {Дата посещения 1.04.2020}
}





